<record><leader>00000cas a2200000 a 4500</leader><controlfield tag="001">27393762</controlfield><controlfield tag="008">930208d18uu19uuiludn ne      0   a0eng c</controlfield><datafield ind1=" " ind2=" " tag="010"><subfield code="a">sn 93055492 </subfield></datafield><datafield ind1=" " ind2=" " tag="040"><subfield code="a">NVF</subfield><subfield code="b">eng</subfield><subfield code="c">NVF</subfield><subfield code="d">OCL</subfield><subfield code="d">OCLCQ</subfield><subfield code="d">NVF</subfield><subfield code="d">OCLCF</subfield><subfield code="d">OCL</subfield><subfield code="d">OCLCO</subfield></datafield><datafield ind1=" " ind2=" " tag="042"><subfield code="a">pcc</subfield></datafield><datafield ind1=" " ind2=" " tag="043"><subfield code="a">n-us-il</subfield></datafield><datafield ind1="0" ind2=" " tag="130"><subfield code="a">Daily times record (Aledo, Ill. : County fair ed.)</subfield></datafield><datafield ind1="1" ind2="0" tag="245"><subfield code="a">Daily times record.</subfield></datafield><datafield ind1=" " ind2=" " tag="260"><subfield code="a">Aledo, Mercer County, Ill. :</subfield><subfield code="b">[s.n.]</subfield></datafield><datafield ind1=" " ind2=" " tag="300"><subfield code="a">v.</subfield></datafield><datafield ind1=" " ind2=" " tag="310"><subfield code="a">Daily (during annual Mercer County fair)</subfield></datafield><datafield ind1=" " ind2=" " tag="580"><subfield code="a">Weekly ed.: Times record (Aledo, Ill.), &lt;1895-1914&gt;.</subfield></datafield><datafield ind1=" " ind2=" " tag="588"><subfield code="a">Description based on: Vol. 6, no. 1 (Sept. 17, 1895).</subfield></datafield><datafield ind1=" " ind2=" " tag="588"><subfield code="a">Latest issue consulted: Sept. 17, 1914.</subfield></datafield><datafield ind1=" " ind2="0" tag="650"><subfield code="a">Agricultural exhibitions</subfield><subfield code="z">Illinois</subfield><subfield code="z">Mercer County</subfield><subfield code="v">Newspapers.</subfield></datafield><datafield ind1=" " ind2="0" tag="650"><subfield code="a">Fairs</subfield><subfield code="z">Illinois</subfield><subfield code="z">Mercer County</subfield><subfield code="v">Newspapers.</subfield></datafield><datafield ind1=" " ind2="0" tag="651"><subfield code="a">Aledo (Ill.)</subfield><subfield code="v">Newspapers.</subfield></datafield><datafield ind1=" " ind2="0" tag="651"><subfield code="a">Mercer County (Ill.)</subfield><subfield code="v">Newspapers.</subfield></datafield><datafield ind1=" " ind2="7" tag="650"><subfield code="a">Fairs</subfield><subfield code="2">fast</subfield><subfield code="0">(OCoLC)fst00919892</subfield></datafield><datafield ind1=" " ind2="7" tag="650"><subfield code="a">Agricultural exhibitions.</subfield><subfield code="2">fast</subfield><subfield code="0">(OCoLC)fst00800761</subfield></datafield><datafield ind1=" " ind2="7" tag="651"><subfield code="a">Illinois</subfield><subfield code="z">Aledo.</subfield><subfield code="2">fast</subfield><subfield code="0">(OCoLC)fst01883802</subfield></datafield><datafield ind1=" " ind2="7" tag="651"><subfield code="a">Illinois</subfield><subfield code="z">Mercer County.</subfield><subfield code="2">fast</subfield><subfield code="0">(OCoLC)fst01215002</subfield></datafield><datafield ind1=" " ind2="7" tag="655"><subfield code="a">Newspapers.</subfield><subfield code="2">fast</subfield><subfield code="0">(OCoLC)fst01423814</subfield></datafield><datafield ind1=" " ind2=" " tag="752"><subfield code="a">United States</subfield><subfield code="b">Illinois</subfield><subfield code="c">Mercer</subfield><subfield code="d">Aledo.</subfield></datafield><datafield ind1="1" ind2=" " tag="775"><subfield code="t">Times record (Aledo, Ill.)</subfield><subfield code="w">(DLC)sn 82015559</subfield><subfield code="w">(OCoLC)8821392</subfield></datafield></record>